@misc{todo,
 title={Citation needed},
 author={TODO}
}
